<?xml version="1.0" encoding="UTF-8"?><collection xmlns="http://www.loc.gov/MARC21/slim"><record><leader>00439nam--2200181-i-4500</leader><controlfield tag="001">000044141</controlfield><controlfield tag="002">20161230</controlfield><controlfield tag="005">20161230201044</controlfield><controlfield tag="008">060222s1000------------r-----000-0-rum-d</controlfield><datafield ind1=" " ind2=" " tag="040"><subfield code="a">IFIN-HH</subfield></datafield><datafield ind1=" " ind2=" " tag="041"><subfield code="a">rum</subfield></datafield><datafield ind1=" " ind2=" " tag="080"><subfield code="a">531</subfield></datafield><datafield ind1="1" ind2=" " tag="100"><subfield code="a">Teodorescu, P.P</subfield></datafield><datafield ind1="1" ind2="0" tag="245"><subfield code="a">Sisteme mecanice. modele clasice</subfield><subfield code="b">Vol. II</subfield></datafield><datafield ind1=" " ind2=" " tag="260"><subfield code="a">Bucuresti, Editura Tehnica, 1988,</subfield></datafield><datafield ind1=" " ind2=" " tag="300"><subfield code="a">527P</subfield></datafield><datafield ind1=" " ind2=" " tag="852"><subfield code="a">74905</subfield><subfield code="c">531</subfield></datafield><datafield ind1=" " ind2=" " tag="CAT"><subfield code="a">Sys</subfield><subfield code="c">20100702</subfield><subfield code="h">115538</subfield></datafield></record></collection>